<?xml version="1.0" encoding="UTF-8"?>
<record xmlns="http://www.loc.gov/MARC21/slim" xmlns:xsi="http://www.w3.org/2001/XMLSchema-instance" xsi:schemaLocation="http://www.loc.gov/MARC21/slim http://www.loc.gov/standards/marcxml/schema/MARC21slim.xsd">
<leader>     nam a2200241 a 4500</leader>
<controlfield tag="001">001768066</controlfield>
<controlfield tag="003">NNU</controlfield>
<controlfield tag="005">20061010171114.0</controlfield>
<controlfield tag="008">010906s1960    sy ab         000 0 ara d</controlfield>
<datafield tag="035" ind1="9" ind2=" ">
<subfield code="a">NYUb12336880</subfield>
</datafield>
<datafield tag="035" ind1=" " ind2=" ">
<subfield code="a">(CStRLIN)NYUG01-B4016</subfield>
</datafield>
<datafield tag="040" ind1=" " ind2=" ">
<subfield code="a">*PUL*</subfield>
<subfield code="c">*PUL*</subfield>
<subfield code="d">NNU</subfield>
</datafield>
<datafield tag="050" ind1=" " ind2="4">
<subfield code="a">DS154</subfield>
<subfield code="b">.J3</subfield>
</datafield>
<datafield tag="066" ind1=" " ind2=" ">
<subfield code="c">(3</subfield>
</datafield>
<datafield tag="090" ind1=" " ind2=" ">
<subfield code="a">DS154</subfield>
<subfield code="b">.J3</subfield>
</datafield>
<datafield tag="110" ind1="2" ind2=" ">
<subfield code="6">880-01</subfield>
<subfield code="a">Jamʻīyah al-ʻArabīyah (Damascus)</subfield>
</datafield>
<datafield tag="245" ind1="1" ind2="0">
<subfield code="6">880-02</subfield>
<subfield code="a">Muʼāmarāt ḥawla miyāh Nahr al-Urdun.</subfield>
</datafield>
<datafield tag="260" ind1=" " ind2=" ">
<subfield code="6">880-03</subfield>
<subfield code="a">Dimashq :</subfield>
<subfield code="b">al-Jamʻīyah,</subfield>
<subfield code="c">1960.</subfield>
</datafield>
<datafield tag="300" ind1=" " ind2=" ">
<subfield code="a">130 p. :</subfield>
<subfield code="b">ill., maps ;</subfield>
<subfield code="c">20 cm.</subfield>
</datafield>
<datafield tag="651" ind1=" " ind2="0">
<subfield code="a">Jordan River.</subfield>
</datafield>
<datafield tag="880" ind1="2" ind2=" ">
<subfield code="6">110-01/</subfield>
<subfield code="a">جمعية العربية (دمشق).</subfield>
</datafield>
<datafield tag="880" ind1="1" ind2="0">
<subfield code="6">245-02/</subfield>
<subfield code="a">مؤامرات حول مياة الأردن.</subfield>
</datafield>
<datafield tag="880" ind1=" " ind2=" ">
<subfield code="6">260-03/</subfield>
<subfield code="a">دنشق :</subfield>
<subfield code="b">الجمعية،</subfield>
<subfield code="c">١٩٦٠.</subfield>
</datafield>
<datafield tag="OWN" ind1=" " ind2=" ">
<subfield code="a">GENERAL</subfield>
</datafield>
<datafield tag="998" ind1=" " ind2=" ">
<subfield code="a">20010906</subfield>
<subfield code="d">20010906</subfield>
<subfield code="d">20010906</subfield>
<subfield code="n">NNU</subfield>
<subfield code="s">1</subfield>
<subfield code="t">c</subfield>
<subfield code="z">p</subfield>
</datafield>
<datafield tag="AVA" ind1=" " ind2=" ">
<subfield code="a">NYU50</subfield>
<subfield code="b">BOBST</subfield>
<subfield code="c">Main Collection</subfield>
<subfield code="d">DS154 .J3</subfield>
<subfield code="e">unavailable</subfield>
<subfield code="t">Unavailable</subfield>
<subfield code="f">1</subfield>
<subfield code="g">1</subfield>
<subfield code="h">N</subfield>
<subfield code="i">0</subfield>
<subfield code="j">MAIN</subfield>
<subfield code="k">0</subfield>
</datafield>
</record>
